% This file was created with Citavi 6.10.0.0

@misc{AndreasZeller.2015,
 author = {{Andreas Zeller}},
 editor = {{Universit{\"a}t des Saarlandes}},
 year = {2015},
 title = {Architekturmuster},
 url = {https://www.st.cs.uni-saarland.de/edu/einst/08-arch.pdf},
 urldate = {23.08.2021 15:35},
 note = {zugegriffen am 23.08.2021 15:35}
}


@book{Basler.2016,
 author = {Basler, Stefan},
 year = {2016},
 title = {Encoder und Motor-Feedback-Systeme: Winkellage- und Drehzahlerfassung in der industriellen Automation},
 keywords = {Antrieb;Automation;Drehgeber;Drehzahlmessung;Motorregelung;R{\"u}ckkopplung;Sensortechnik;Servomotor;Winkelbeschleunigung;Winkelmessung},
 address = {Wiesbaden},
 publisher = {{Springer Vieweg}},
 isbn = {9783658128432},
 file = {Encoder und Motor-Feedback-Systeme:Attachments/Encoder und Motor-Feedback-Systeme.pdf:application/pdf}
}


@book{Broy.2021,
 author = {Broy, Manfred and Kuhrmann, Marco},
 year = {2021},
 title = {Einf{\"u}hrung in die Softwaretechnik},
 address = {Berlin and Heidelberg},
 edition = {1st ed. 2021},
 publisher = {{Springer Berlin Heidelberg} and {Imprint: Springer Vieweg}},
 isbn = {978-3-662-50263-1},
 series = {Xpert.press},
 doi = {10.1007/978-3-662-50263-1}
}


@misc{CleanCodeDevelopment.2015,
 author = {{Clean Code Development}},
 editor = {{Clean Code Development}},
 year = {2015},
 title = {Die Tugenden des CCC},
 url = {https://clean-code-developer.de/die-tugenden/},
 urldate = {23.08.2021 16:20},
 note = {zugegriffen am 23.08.2021 16:20}
}


@unpublished{DanielLindner.2020,
 author = {{Daniel Lindner}},
 year = {2020},
 title = {Automatisierte Tests: St{\"u}tzpfeiler der Langlebigkeit: Vorelsung Advanced Software Engeneering DHBW Karlsruhe},
 address = {DHBW Karlsruhe Kurs TINF18B3},
 note = {Vorelsung Advanced Software Engeneering DHBW Karlsruhe},
 file = {Automated Tests:Attachments/Automated Tests.pdf:application/pdf}
}

@misc{Dipl.Inform.TillFischer.2016,
 author = {{Dipl.-Inform. Till Fischer}},
 editor = {KIT},
 year = {2016},
 title = {Eine Technologe f{\"u}r das durchg{\"a}ngige und automatisierte testen eingebetteter Software},
 urldate = {26.08.2021 14:00},
 file = {Fischer{\_}Till:Attachments/Fischer{\_}Till.pdf:application/pdf},
 note = {zugegriffen am 26.08.2021 14:00}
}


@misc{Dr.MartinDo.11.11.2020,
 author = {{Dr. Martin Do}},
 year = {2020},
 title = {Sensorik 1: Einf{\"u}hrung und Interne Sensoren},
 series = {Vorlesung Echtzeitsysteme DHBW Karlsruhe},
 file = {Vorlesung{\_}Sensorik:Attachments/Vorlesung{\_}Sensorik.pdf:application/pdf}
}


@misc{Dr.WolfgangSchroder.2018,
 author = {{Dr. Wolfgang Schr{\"o}der}},
 editor = {business-wissen.de},
 year = {2018},
 title = {SMARTe Ziele und wie sie formuliert werden},
 url = {https://www.business-wissen.de/hb/smarte-ziele-und-wie-sie-formuliert-werden/},
 urldate = {20.08.2021 11:25},
 note = {zugegriffen am 20.08.2021 11:25}
}


@book{Gamma.2008,
 author = {Gamma, Erich and Riehle, Dirk},
 year = {2008},
 title = {Entwurfsmuster: Elemente wiederverwendbarer objektorientierter Software},
 keywords = {Entwurfsmuster;Objektorientierte Programmierung;Softwareentwicklung;Softwarewiederverwendung},
 address = {M{\"u}nchen},
 edition = {[Nachdr.]},
 publisher = {Addison-Wesley},
 isbn = {3827321999},
 series = {Programmer's choice}
}


@book{Grunfelder.2017,
 author = {Gr{\"u}nfelder, Stephan and Harbour, Michael Gonz{\'a}lez and Wilhelm, Reinhard and Bergsmann, Johannes and Alt, Oliver},
 year = {2017},
 title = {Software-Test f{\"u}r Embedded Systems: Ein Praxishandbuch f{\"u}r Entwickler, Tester und technische Projektleiter},
 keywords = {Eingebettetes System;Softwaretest},
 address = {Heidelberg},
 edition = {2., aktualisierte Auflage},
 publisher = {dpunkt.verlag},
 isbn = {978-3-86490-448-6}
}


@misc{ISTQBGlossary.2021,
 author = {{ISTQB Glossary}},
 editor = {ISTQB},
 year = {2021},
 title = {ISTQB Glossary},
 url = {https://istqb-glossary.page/de/testsuite/},
 urldate = {08.07.2021 08:15},
 note = {zugegriffen am 08.07.2021 08:15}
}


@misc{ITBeauftragterderBundesregierung.2005,
 author = {{IT-Beauftragter der Bundesregierung}},
 editor = {Bund},
 year = {2005},
 title = {Konzepte und Inhalte des V-Modell XT Bund: Systementwurf},
 url = {http://download.gsb.bund.de/BundesCIO/V-Modell_XT_Bund/V-Modell%20XT%20Bund-2.0-HTML/ce1ff6e08414e9.html},
 urldate = {05.08.2021 10:20},
 note = {zugegriffen am 05.08.2021 10:20}
}

@misc{ManjuKhariPrabhatKumarDanielBurgosRubenGonzalezCrespo.2017,
 author = {{Manju Khari}},
 editor = {{Springer Verlag}},
 year = {2017},
 title = {Optimized test suites for automated testing using different optimization techniques},
 urldate = {26.08.2021 14:00},
 file = {Khari2018{\_}Article{\_}OptimizedTestSuitesForAutomate:Attachments/Khari2018{\_}Article{\_}OptimizedTestSuitesForAutomate.pdf:application/pdf},
 note = {zugegriffen am 26.08.2021 14:00}
}


@misc{MarvinBock.2021,
 author = {{Marvin B{\"o}ck}},
 date = {2021},
 title = {Programmentwurf: Fridgeplaner-K{\"u}hlschrank und Vorratsverwaltung: Pr{\"u}fungsleistung f{\"u}r die Vorlesung Advanced SW-Engeneering 2020/2021},
 urldate = {05.07.2021 12:00},
 institution = {{DHBW Karlsruhe}},
 file = {Ausarbeitung{\_}FridgePlanner:Attachments/Ausarbeitung{\_}FridgePlanner.pdf:application/pdf},
 note = {zugegriffen am 05.07.2021 12:00}
}


@misc{mikrocontroller.net.2009,
 author = {mikrocontroller.net},
 editor = {mikrocontroller.net},
 year = {2009},
 title = {ST7},
 url = {https://www.mikrocontroller.net/articles/ST7},
 address = {mikrocontroller.net},
 urldate = {29.06.2021 11:00},
 note = {zugegriffen am 29.06.2021 11:00}
}


@misc{mikrocontroller.net.2019,
 author = {mikrocontroller.net},
 editor = {mikrocontroller.net},
 year = {2019},
 title = {ST8},
 url = {https://www.mikrocontroller.net/articles/STM8},
 urldate = {30.06.2021 12:30},
 note = {zugegriffen am 30.06.2021 12:30}
}

@misc{Prof.Dr.NikolausWulff.2008,
 author = {{Prof. Dr. Nikolaus Wulff}},
 year = {2008},
 title = {Architektur Muster: Strukturierungsprinzipien zur Organisation von Software-Systemen},
 url = {http://www.lab4inf.fh-muenster.de/lab4inf/docs/OO-Systeme/08-ArchitekturMuster.pdf}
}

@unpublished{Prof.Dr.WolfgangSchramm.2009,
 author = {{Prof. Dr. Wolfgang Schramm}},
 year = {2009},
 title = {Softwarearchitektur {\&} Entwurf: Unterlagen zur Vorlesung Softwaretechnik an der HS Mannheim},
 url = {https://services.informatik.hs-mannheim.de/~schramm/see/files/Kapitel04.pdf},
 file = {Kapitel04:Attachments/Kapitel04.pdf:application/pdf}
}


@unpublished{Prof.Dr.WolfgangSchramm.2020,
 author = {{Prof.Dr. Wolfgang Schramm}},
 year = {2020},
 title = {Software-Architektur {\&} Entwurf: Unterlagen Vorlesung Softwaretechnik}
}


@misc{RedHat.2021,
 author = {RedHat},
 editor = {RedHat},
 year = {2021},
 title = {DEVOPS: Was versteht man unter CI/CD?},
 url = {https://www.redhat.com/de/topics/devops/what-is-ci-cd},
 urldate = {08.07.2021 12:30},
 note = {zugegriffen am 08.07.2021 12:30}
}


@misc{SICK.2021,
 author = {{SICK AG}},
 editor = {{SICK AG}},
 year = {2021},
 title = {Die Unternehmensgeschichte von SICK},
 url = {https://www.sick.com/de/de/ueber-sick/die-unternehmensgeschichte-von-sick/w/the-history-of-sick/},
 urldate = {29.06.2021 08:25},
 note = {zugegriffen am 29.06.2021 08:25}
}


@misc{SICKAG.04.2021,
 author = {{SICK AG}},
 editor = {{SICK AG}},
 year = {2021},
 title = {Automated Testing: Intranet Eintrag Automated Testing},
 url = {https://mosaicplus.sick.com/pages/viewpage.action?pageId=489716689},
 urldate = {12.07.2021 11:20},
 note = {zugegriffen am 12.07.2021 11:20}
}


@misc{SICKAG.2016,
 author = {{SICK AG}},
 editor = {{SICK AG}},
 year = {2016},
 title = {Hiperface Schnittstellenbeschreibung},
 urldate = {21.06.2021 4:50},
 file = {HIPERFACE{\_}Beschreibung{\_}D{\_}E{\_}8010701{\_}web:Attachments/HIPERFACE{\_}Beschreibung{\_}D{\_}E{\_}8010701{\_}web.pdf:application/pdf},
 note = {zugegriffen am 21.06.2021 4:50}
}


@misc{SICKAG.2020,
 author = {{SICK AG}},
 editor = {{SICK AG}},
 year = {2020},
 title = {SICK Unternehmenspr{\"a}sentation},
 urldate = {29.06.2021 08:30},
 note = {zugegriffen am 29.06.2021 08:30}
}


@misc{SICKAG.2021,
 author = {{SICK AG}},
 editor = {{SICK AG}},
 year = {2021},
 title = {Produkt{\"u}bersicht MFB},
 url = {https://www.sick.com/de/de/motor-feedback-systeme/motor-feedback-systeme-rotativ-hiperface/sksskm36/c/g215684},
 urldate = {21.06.2021 11:00},
 note = {zugegriffen am 21.06.2021 11:00}
}

@book{Spillner.2011,
 author = {Spillner, Andreas},
 year = {2011},
 title = {Praxiswissen Softwaretest - Testmanagement: Aus- und Weiterbildung zum Certified Tester - Advanced Level nach ISTQB-Standard},
 price = {EUR 42.90 (DE), EUR 44.20 (AT), ca. sfr 60.90 (freier Pr.)},
 keywords = {Qualit{\"a}tsmanagement;Software;Softwaretest;Testen},
 address = {Heidelberg},
 edition = {3., {\"u}berarb. und erw. Aufl.},
 publisher = {dpunkt-Verl.},
 isbn = {9783898647465},
 institution = {{International Software Quality Institute}}
}


@misc{STMicroelektronics.2008,
 author = {STMicroelektronics},
 editor = {STMicroelektronics},
 year = {2008},
 title = {Datenblatt ST7},
 urldate = {30.06.2021 12:30},
 file = {0900766b80aa56a3:Attachments/0900766b80aa56a3.pdf:application/pdf},
 note = {zugegriffen am 30.06.2021 12:30}
}



@misc{STMicroelektronics.2017,
 author = {STMicroelektronics},
 year = {2017},
 title = {STM8 Reference Manual},
 url = {https://www.st.com/en/microcontrollers-microprocessors/stm8af52a8.html#documentation},
 urldate = {26.08.2021 14:50},
 file = {rm0016-stm8s-series-and-stm8af-series-8bit-microcontrollers-stmicroelectronics:Attachments/rm0016-stm8s-series-and-stm8af-series-8bit-microcontrollers-stmicroelectronics.pdf:application/pdf},
 note = {zugegriffen am 26.08.2021 14:50}
}





@misc{WilhelmHasselbring.2006,
 author = {{Wilhelm Hasselbring}},
 editor = {{Gesellschaft f{\"u}r Informatik}},
 year = {2006},
 title = {Software-Architektur},
 url = {https://gi.de/informatiklexikon/software-architektur},
 urldate = {22.07.2021 08:35},
 note = {zugegriffen am 22.07.2021 08:35}
}


@book{Witte.2016,
 author = {Witte, Frank},
 year = {2016},
 title = {Testmanagement und Softwaretest: Theoretische Grundlagen und praktische Umsetzung},
 address = {Wiesbaden},
 edition = {1. Aufl. 2016},
 publisher = {{Springer Fachmedien Wiesbaden} and {Imprint: Springer Vieweg}},
 isbn = {978-3-658-09964-0},
 doi = {10.1007/978-3-658-09964-0},
 file = {Witte2016{\_}Book{\_}TestmanagementUndSoftwaretest:Attachments/Witte2016{\_}Book{\_}TestmanagementUndSoftwaretest.pdf:application/pdf}
}

@misc{tagesschau.2021,
 author = {tagesschau},
 year = {2021},
 title = {Boeing 737 Max darf in Europa starten},
 url = {https://www.tagesschau.de/wirtschaft/technologie/boeing-737max-105.html},
 urldate = {28.08.2021 14:30},
 note = {zugegriffen am 28.08.2021 14:30}
}





